%% Journal article

@article{pereira2022sleap,
	title={SLEAP: A deep learning system for multi-animal pose tracking},
	author={Pereira, Talmo D and Tabris, Nathaniel and Matsliah, Arie and Turner, David M and Li, Junyu and Ravindranath, Shruthi and Papadoyannis, Eleni S and Normand, Edna and Deutsch, David S and Wang, Z Yan and others},
	journal={Nature methods},
	volume={19},
	number={4},
	pages={486--495},
	year={2022},
	publisher={Nature Publishing Group US New York}
}

@article{branson2009high,
	title={High-throughput ethomics in large groups of Drosophila},
	author={Branson, Kristin and Robie, Alice A and Bender, John and Perona, Pietro and Dickinson, Michael H},
	journal={Nature methods},
	volume={6},
	number={6},
	pages={451--457},
	year={2009},
	publisher={Nature Publishing Group US New York}
}

@article{melis2024machine,
	title={Machine learning reveals the control mechanics of an insect wing hinge},
	author={Melis, Johan M and Siwanowicz, Igor and Dickinson, Michael H},
	journal={Nature},
	volume={628},
	number={8009},
	pages={795--803},
	year={2024},
	publisher={Nature Publishing Group UK London}
}

@article{wang2023neuromechfly,
	title={NeuroMechFly v2, simulating embodied sensorimotor control in adult Drosophila},
	author={Wang-Chen, Sibo and Stimpfling, Victor Alfred and Lam, Thomas Ka Chung and {\"O}zdil, Pembe Gizem and Genoud, Louise and Hurtak, Femke and Ramdya, Pavan},
	journal={bioRxiv},
	pages={2023--09},
	year={2023},
	publisher={Cold Spring Harbor Laboratory}
}

@article{lobato2022neuromechfly,
	title={NeuroMechFly, a neuromechanical model of adult Drosophila melanogaster},
	author={Lobato-Rios, Victor and Ramalingasetty, Shravan Tata and {\"O}zdil, Pembe Gizem and Arreguit, Jonathan and Ijspeert, Auke Jan and Ramdya, Pavan},
	journal={Nature Methods},
	volume={19},
	number={5},
	pages={620--627},
	year={2022},
	publisher={Nature Publishing Group US New York}
}

@article{dickson2008integrative,
	title={Integrative model of Drosophila flight},
	author={Dickson, William B and Straw, Andrew D and Dickinson, Michael H},
	journal={AIAA journal},
	volume={46},
	number={9},
	pages={2150--2164},
	year={2008}
}

@inproceedings{reiser2004vision,
	title={Vision as a compensatory mechanism for disturbance rejection in upwind flight},
	author={Reiser, Michael B and Humbert, J Sean and Dunlop, Mary J and Del Vecchio, Domitilla and Murray, Richard M and Dickinson, Michael H},
	booktitle={Proceedings of the 2004 American Control Conference},
	volume={1},
	pages={311--316},
	year={2004},
	organization={IEEE}
}

@article{merel2019deep,
	title={Deep neuroethology of a virtual rodent},
	author={Merel, Josh and Aldarondo, Diego and Marshall, Jesse and Tassa, Yuval and Wayne, Greg and {\"O}lveczky, Bence},
	journal={arXiv preprint arXiv:1911.09451},
	year={2019}
}

@article{wang2023complete,
	title={A complete biomechanical model of Hydra contractile behaviors, from neural drive to muscle to movement},
	author={Wang, Hengji and Swore, Joshua and Sharma, Shashank and Szymanski, John R and Yuste, Rafael and Daniel, Thomas L and Regnier, Michael and Bosma, Martha M and Fairhall, Adrienne L},
	journal={Proceedings of the National Academy of Sciences},
	volume={120},
	number={11},
	pages={e2210439120},
	year={2023},
	publisher={National Academy of Sciences}
}

@article{boyle2012gait,
	title={Gait modulation in C. elegans: an integrated neuromechanical model},
	author={Boyle, Jordan H and Berri, Stefano and Cohen, Netta},
	journal={Frontiers in computational neuroscience},
	volume={6},
	pages={10},
	year={2012},
	publisher={Frontiers Research Foundation}
}

@inproceedings{todorov2012mujoco,
	title={Mujoco: A physics engine for model-based control},
	author={Todorov, Emanuel and Erez, Tom and Tassa, Yuval},
	booktitle={2012 IEEE/RSJ international conference on intelligent robots and systems},
	pages={5026--5033},
	year={2012},
	organization={IEEE}
}

@article{merel2019hierarchical,
	title={Hierarchical motor control in mammals and machines},
	author={Merel, Josh and Botvinick, Matthew and Wayne, Greg},
	journal={Nature communications},
	volume={10},
	number={1},
	pages={5489},
	year={2019},
	publisher={Nature Publishing Group UK London}
}

@article{deangelis2019manifold,
	title={The manifold structure of limb coordination in walking Drosophila},
	author={DeAngelis, Brian D and Zavatone-Veth, Jacob A and Clark, Damon A},
	journal={Elife},
	volume={8},
	pages={e46409},
	year={2019},
	publisher={eLife Sciences Publications, Ltd}
}

@article{muijres2015body,
	title={Body saccades of Drosophila consist of stereotyped banked turns},
	author={Muijres, Florian T and Elzinga, Michael J and Iwasaki, Nicole A and Dickinson, Michael H},
	journal={The Journal of experimental biology},
	volume={218},
	number={6},
	pages={864--875},
	year={2015},
	publisher={The Company of Biologists}
}

@article{muijres2014flies,
	title={Flies evade looming targets by executing rapid visually directed banked turns},
	author={Muijres, Florian T and Elzinga, Michael J and Melis, Johan M and Dickinson, Michael H},
	journal={Science},
	volume={344},
	number={6180},
	pages={172--177},
	year={2014},
	publisher={American Association for the Advancement of Science}
}

@inproceedings{hasenclever2020comic,
	title={CoMic: Complementary task learning \& mimicry for reusable skills},
	author={Hasenclever, Leonard and Pardo, Fabio and Hadsell, Raia and Heess, Nicolas and Merel, Josh},
	booktitle={International Conference on Machine Learning},
	pages={4105--4115},
	year={2020},
	organization={PMLR}
}

@article{peng2018deepmimic,
	title={Deepmimic: Example-guided deep reinforcement learning of physics-based character skills},
	author={Peng, Xue Bin and Abbeel, Pieter and Levine, Sergey and Van de Panne, Michiel},
	journal={ACM Transactions On Graphics (TOG)},
	volume={37},
	number={4},
	pages={1--14},
	year={2018},
	publisher={ACM New York, NY, USA}
}

@article{dickinson2000animals,
	title={How animals move: an integrative view},
	author={Dickinson, Michael H and Farley, Claire T and Full, Robert J and Koehl, MAR and Kram, Rodger and Lehman, Steven},
	journal={science},
	volume={288},
	number={5463},
	pages={100--106},
	year={2000},
	publisher={American Association for the Advancement of Science}
}

@inproceedings{gourier2004estimating,
	title={Estimating face orientation from robust detection of salient facial structures},
	author={Gourier, Nicolas and Hall, Daniela and Crowley, James L},
	booktitle={FG Net workshop on visual observation of deictic gestures},
	volume={6},
	pages={7},
	year={2004},
	organization={Citeseer}
}

@article{tsao2008comparing,
	title={Comparing face patch systems in macaques and humans},
	author={Tsao, Doris Y and Moeller, Sebastian and Freiwald, Winrich A},
	journal={Proceedings of the National Academy of Sciences},
	volume={105},
	number={49},
	pages={19514--19519},
	year={2008},
	publisher={National Acad Sciences}
}

@article{vermeesch2013multi,
	title={Multi-sample comparison of detrital age distributions},
	author={Vermeesch, Pieter},
	journal={Chemical Geology},
	volume={341},
	pages={140--146},
	year={2013},
	publisher={Elsevier}
}

@article{cureton1956rank,
	title={Rank-biserial correlation},
	author={Cureton, Edward E},
	journal={Psychometrika},
	volume={21},
	number={3},
	pages={287--290},
	year={1956},
	publisher={Springer}
}

@article{kriegeskorte2009circular,
	title={Circular analysis in systems neuroscience: the dangers of double dipping},
	author={Kriegeskorte, Nikolaus and Simmons, W Kyle and Bellgowan, Patrick SF and Baker, Chris I},
	journal={Nature neuroscience},
	volume={12},
	number={5},
	pages={535--540},
	year={2009},
	publisher={Nature Publishing Group US New York}
}

@article{grossman2019convergent,
	title={Convergent evolution of face spaces across human face-selective neuronal groups and deep convolutional networks},
	author={Grossman, Shany and Gaziv, Guy and Yeagle, Erin M and Harel, Michal and M{\'e}gevand, Pierre and Groppe, David M and Khuvis, Simon and Herrero, Jose L and Irani, Michal and Mehta, Ashesh D and others},
	journal={Nature communications},
	volume={10},
	number={1},
	pages={4934},
	year={2019},
	publisher={Nature Publishing Group UK London}
}

@article{cadieu2014deep,
	title={Deep neural networks rival the representation of primate IT cortex for core visual object recognition},
	author={Cadieu, Charles F and Hong, Ha and Yamins, Daniel LK and Pinto, Nicolas and Ardila, Diego and Solomon, Ethan A and Majaj, Najib J and DiCarlo, James J},
	journal={PLoS computational biology},
	volume={10},
	number={12},
	pages={e1003963},
	year={2014},
	publisher={Public Library of Science San Francisco, USA}
}

@article{arcaro2017seeing,
	title={Seeing faces is necessary for face-domain formation},
	author={Arcaro, Michael J and Schade, Peter F and Vincent, Justin L and Ponce, Carlos R and Livingstone, Margaret S},
	journal={Nature neuroscience},
	volume={20},
	number={10},
	pages={1404--1412},
	year={2017},
	publisher={Nature Publishing Group}
}

@book{kaufman2009finding,
	title={Finding groups in data: an introduction to cluster analysis},
	author={Kaufman, Leonard and Rousseeuw, Peter J},
	year={2009},
	publisher={John Wiley \& Sons}
}

@article{wold1987principal,
	title={Principal component analysis},
	author={Wold, Svante and Esbensen, Kim and Geladi, Paul},
	journal={Chemometrics and intelligent laboratory systems},
	volume={2},
	number={1-3},
	pages={37--52},
	year={1987},
	publisher={Elsevier}
}

@article{haxby2001distributed,
	title={Distributed and overlapping representations of faces and objects in ventral temporal cortex},
	author={Haxby, James V and Gobbini, M Ida and Furey, Maura L and Ishai, Alumit and Schouten, Jennifer L and Pietrini, Pietro},
	journal={Science},
	volume={293},
	number={5539},
	pages={2425--2430},
	year={2001},
	publisher={American Association for the Advancement of Science}
}

@article{russakovsky2015imagenet,
	title={Imagenet large scale visual recognition challenge},
	author={Russakovsky, Olga and Deng, Jia and Su, Hao and Krause, Jonathan and Satheesh, Sanjeev and Ma, Sean and Huang, Zhiheng and Karpathy, Andrej and Khosla, Aditya and Bernstein, Michael and others},
	journal={International journal of computer vision},
	volume={115},
	pages={211--252},
	year={2015},
	publisher={Springer}
}

@article{perrett1985visual,
	title={Visual cells in the temporal cortex sensitive to face view and gaze direction},
	author={Perrett, David I and Smith, PAJ and Potter, Douglas D and Mistlin, Amanda J and Head, AS and Milner, Arthur David and Jeeves, Malcolm A},
	journal={Proceedings of the Royal society of London. Series B. Biological sciences},
	volume={223},
	number={1232},
	pages={293--317},
	year={1985},
	publisher={The Royal Society London}
}

@article{buiatti2019cortical,
	title={Cortical route for facelike pattern processing in human newborns},
	author={Buiatti, Marco and Di Giorgio, Elisa and Piazza, Manuela and Polloni, Carlo and Menna, Giuseppe and Taddei, Fabrizio and Baldo, Ermanno and Vallortigara, Giorgio},
	journal={Proceedings of the National Academy of Sciences},
	volume={116},
	number={10},
	pages={4625--4630},
	year={2019},
	publisher={National Acad Sciences}
}

@article{zoccolan2007trade,
	title={Trade-off between object selectivity and tolerance in monkey inferotemporal cortex},
	author={Zoccolan, Davide and Kouh, Minjoon and Poggio, Tomaso and DiCarlo, James J},
	journal={Journal of Neuroscience},
	volume={27},
	number={45},
	pages={12292--12307},
	year={2007},
	publisher={Soc Neuroscience}
}

@article{srivastava2018effect,
	title={The effect of learning strategy versus inherent architecture properties on the ability of convolutional neural networks to develop transformation invariance},
	author={Srivastava, Megha and Grill-Spector, Kalanit},
	journal={arXiv preprint arXiv:1810.13128},
	year={2018}
}

@article{chidester2018rotation,
	title={Rotation equivariance and invariance in convolutional neural networks},
	author={Chidester, Benjamin and Do, Minh N and Ma, Jian},
	journal={arXiv preprint arXiv:1805.12301},
	year={2018}
}

@inproceedings{lecun2012learning,
	title={Learning invariant feature hierarchies},
	author={LeCun, Yann},
	booktitle={Computer Vision--ECCV 2012. Workshops and Demonstrations: Florence, Italy, October 7-13, 2012, Proceedings, Part I 12},
	pages={496--505},
	year={2012},
	organization={Springer}
}

@article{kavukcuoglu2010learning,
	title={Learning convolutional feature hierarchies for visual recognition},
	author={Kavukcuoglu, Koray and Sermanet, Pierre and Boureau, Y-Lan and Gregor, Karol and Mathieu, Micha{\"e}l and Cun, Yann and others},
	journal={Advances in neural information processing systems},
	volume={23},
	year={2010}
}

@inproceedings{lecun2004learning,
	title={Learning methods for generic object recognition with invariance to pose and lighting},
	author={LeCun, Yann and Huang, Fu Jie and Bottou, Leon},
	booktitle={Proceedings of the 2004 IEEE Computer Society Conference on Computer Vision and Pattern Recognition, 2004. CVPR 2004.},
	volume={2},
	pages={II--104},
	year={2004},
	organization={IEEE}
}

@article{dosovitskiy2016generating,
	title={Generating images with perceptual similarity metrics based on deep networks},
	author={Dosovitskiy, Alexey and Brox, Thomas},
	journal={Advances in neural information processing systems},
	volume={29},
	year={2016}
}

@article{ponce2019evolving,
	title={Evolving images for visual neurons using a deep generative network reveals coding principles and neuronal preferences},
	author={Ponce, Carlos R and Xiao, Will and Schade, Peter F and Hartmann, Till S and Kreiman, Gabriel and Livingstone, Margaret S},
	journal={Cell},
	volume={177},
	number={4},
	pages={999--1009},
	year={2019},
	publisher={Elsevier}
}

@article{bonin2011local,
	title={Local diversity and fine-scale organization of receptive fields in mouse visual cortex},
	author={Bonin, Vincent and Histed, Mark H and Yurgenson, Sergey and Reid, R Clay},
	journal={Journal of Neuroscience},
	volume={31},
	number={50},
	pages={18506--18521},
	year={2011},
	publisher={Soc Neuroscience}
}

@article{livingstone2017development,
	title={Development of the macaque face-patch system},
	author={Livingstone, Margaret S and Vincent, Justin L and Arcaro, Michael J and Srihasam, Krishna and Schade, Peter F and Savage, Tristram},
	journal={Nature communications},
	volume={8},
	number={1},
	pages={14897},
	year={2017},
	publisher={Nature Publishing Group UK London}
}

@article{long2018mid,
	title={Mid-level visual features underlie the high-level categorical organization of the ventral stream},
	author={Long, Bria and Yu, Chen-Ping and Konkle, Talia},
	journal={Proceedings of the National Academy of Sciences},
	volume={115},
	number={38},
	pages={E9015--E9024},
	year={2018},
	publisher={National Acad Sciences}
}

@article{duyck2021color,
	title={Color tuning of face-selective neurons in macaque inferior temporal cortex},
	author={Duyck, Marianne and Chang, Audrey LY and Gruen, Tessa J and Tello, Lawrence Y and Eastman, Serena and Fuller-Deets, Joshua and Conway, Bevil R},
	journal={Eneuro},
	volume={8},
	number={2},
	year={2021},
	publisher={Society for Neuroscience}
}

@article{aparicio2016neurophysiological,
	title={Neurophysiological organization of the middle face patch in macaque inferior temporal cortex},
	author={Aparicio, Paul L and Issa, Elias B and DiCarlo, James J},
	journal={Journal of Neuroscience},
	volume={36},
	number={50},
	pages={12729--12745},
	year={2016},
	publisher={Soc Neuroscience}
}

@inproceedings{cao2018vggface2,
	title={Vggface2: A dataset for recognising faces across pose and age},
	author={Cao, Qiong and Shen, Li and Xie, Weidi and Parkhi, Omkar M and Zisserman, Andrew},
	booktitle={2018 13th IEEE international conference on automatic face \& gesture recognition (FG 2018)},
	pages={67--74},
	year={2018},
	organization={IEEE}
}

@article{tsao2006cortical,
	title={A cortical region consisting entirely of face-selective cells},
	author={Tsao, Doris Y and Freiwald, Winrich A and Tootell, Roger BH and Livingstone, Margaret S},
	journal={Science},
	volume={311},
	number={5761},
	pages={670--674},
	year={2006},
	publisher={American Association for the Advancement of Science}
}

@article{freiwald2010functional,
	title={Functional compartmentalization and viewpoint generalization within the macaque face-processing system},
	author={Freiwald, Winrich A and Tsao, Doris Y},
	journal={Science},
	volume={330},
	number={6005},
	pages={845--851},
	year={2010},
	publisher={American Association for the Advancement of Science}
}

@article{stigliani2015temporal,
	title={Temporal processing capacity in high-level visual cortex is domain specific},
	author={Stigliani, Anthony and Weiner, Kevin S and Grill-Spector, Kalanit},
	journal={Journal of Neuroscience},
	volume={35},
	number={36},
	pages={12412--12424},
	year={2015},
	publisher={Soc Neuroscience}
}

@incollection{lecun2002efficient,
	title={Efficient backprop},
	author={LeCun, Yann and Bottou, L{\'e}on and Orr, Genevieve B and M{\"u}ller, Klaus-Robert},
	booktitle={Neural networks: Tricks of the trade},
	pages={9--50},
	year={2002},
	publisher={Springer}
}

@article{krizhevsky2012imagenet,
	title={Imagenet classification with deep convolutional neural networks},
	author={Krizhevsky, Alex and Sutskever, Ilya and Hinton, Geoffrey E},
	journal={Advances in neural information processing systems},
	volume={25},
	year={2012}
}

@inproceedings{levy2006laplace,
	title={Laplace-beltrami eigenfunctions towards an algorithm that" understands" geometry},
	author={L{\'e}vy, Bruno},
	booktitle={IEEE International Conference on Shape Modeling and Applications 2006 (SMI'06)},
	pages={13--13},
	year={2006},
	organization={IEEE}
}

@article{van2013wu,
	title={The WU-Minn human connectome project: an overview},
	author={Van Essen, David C and Smith, Stephen M and Barch, Deanna M and Behrens, Timothy EJ and Yacoub, Essa and Ugurbil, Kamil and Wu-Minn HCP Consortium and others},
	journal={Neuroimage},
	volume={80},
	pages={62--79},
	year={2013},
	publisher={Elsevier}
}

@article{wingeier2001spherical,
	title={Spherical harmonic decomposition applied to spatial-temporal analysis of human high-density electroencephalogram},
	author={Wingeier, BM and Nunez, PL and Silberstein, RB},
	journal={Physical Review E},
	volume={64},
	number={5},
	pages={051916},
	year={2001},
	publisher={APS}
}

@article{robinson2001modal,
	title={Modal analysis of corticothalamic dynamics, electroencephalographic spectra, and evoked potentials},
	author={Robinson, PA and Loxley, PN and O’connor, SC and Rennie, CJ},
	journal={Physical Review E},
	volume={63},
	number={4},
	pages={041909},
	year={2001},
	publisher={APS}
}

@article{bullmore2009complex,
	title={Complex brain networks: graph theoretical analysis of structural and functional systems},
	author={Bullmore, Ed and Sporns, Olaf},
	journal={Nature reviews neuroscience},
	volume={10},
	number={3},
	pages={186--198},
	year={2009},
	publisher={Nature Publishing Group UK London}
}

@misc{collura1996neocortical,
	title={Neocortical dynamics and human EEG rhythms},
	author={Collura, Thomas F},
	year={1996},
	publisher={LWW}
}

@article{carp2012secret,
	title={The secret lives of experiments: methods reporting in the fMRI literature},
	author={Carp, Joshua},
	journal={Neuroimage},
	volume={63},
	number={1},
	pages={289--300},
	year={2012},
	publisher={Elsevier}
}

@article{schaefer2018local,
	title={Local-global parcellation of the human cerebral cortex from intrinsic functional connectivity MRI},
	author={Schaefer, Alexander and Kong, Ru and Gordon, Evan M and Laumann, Timothy O and Zuo, Xi-Nian and Holmes, Avram J and Eickhoff, Simon B and Yeo, BT Thomas},
	journal={Cerebral cortex},
	volume={28},
	number={9},
	pages={3095--3114},
	year={2018},
	publisher={Oxford University Press}
}

@article{breakspear2017dynamic,
	title={Dynamic models of large-scale brain activity},
	author={Breakspear, Michael},
	journal={Nature neuroscience},
	volume={20},
	number={3},
	pages={340--352},
	year={2017},
	publisher={Nature Publishing Group US New York}
}

@book{fornito2016fundamentals,
	title={Fundamentals of brain network analysis},
	author={Fornito, Alex and Zalesky, Andrew and Bullmore, Edward},
	year={2016},
	publisher={Academic press}
}

@article{yuste2015neuron,
	title={From the neuron doctrine to neural networks},
	author={Yuste, Rafael},
	journal={Nature reviews neuroscience},
	volume={16},
	number={8},
	pages={487--497},
	year={2015},
	publisher={Nature Publishing Group UK London}
}

@article{bullmore2009complex,
	title={Complex brain networks: graph theoretical analysis of structural and functional systems},
	author={Bullmore, Ed and Sporns, Olaf},
	journal={Nature reviews neuroscience},
	volume={10},
	number={3},
	pages={186--198},
	year={2009},
	publisher={Nature Publishing Group UK London}
}

@article{broca1861remarques,
	title={Remarques sur le si{\`e}ge de la facult{\'e} du langage articul{\'e}, suivies d’une observation d’aph{\'e}mie (perte de la parole)},
	author={Broca, Paul},
	journal={Bulletin et Memoires de la Societe anatomique de Paris},
	volume={6},
	pages={330--357},
	year={1861}
}

@article{damoiseaux2009greater,
	title={Greater than the sum of its parts: a review of studies combining structural connectivity and resting-state functional connectivity},
	author={Damoiseaux, Jessica S and Greicius, Michael D},
	journal={Brain structure and function},
	volume={213},
	pages={525--533},
	year={2009},
	publisher={Springer}
}

@article{yang2018geometric,
	title={Geometric and amino acid type determinants for protein-protein interaction interfaces},
	author={Yang, Yongxiao and Wang, Wei and Lou, Yuan and Yin, Jianxin and Gong, Xinqi},
	journal={Quantitative Biology},
	volume={6},
	pages={163--174},
	year={2018},
	publisher={Springer}
}

@article{raut2021global,
	title={Global waves synchronize the brain’s functional systems with fluctuating arousal},
	author={Raut, Ryan V and Snyder, Abraham Z and Mitra, Anish and Yellin, Dov and Fujii, Naotaka and Malach, Rafael and Raichle, Marcus E},
	journal={Science advances},
	volume={7},
	number={30},
	pages={eabf2709},
	year={2021},
	publisher={American Association for the Advancement of Science}
}

@article{chen2022individuality,
	title={The individuality of shape asymmetries of the human cerebral cortex},
	author={Chen, Yu-Chi and Arnatkevi{\v{c}}i{\=u}t{\.e}, Aurina and McTavish, Eugene and Pang, James C and Chopra, Sidhant and Suo, Chao and Fornito, Alex and Aquino, Kevin M},
	journal={Elife},
	volume={11},
	pages={e75056},
	year={2022},
	publisher={eLife Sciences Publications Limited}
}

@article{tokariev2019large,
	title={Large-scale brain modes reorganize between infant sleep states and carry prognostic information for preterms},
	author={Tokariev, Anton and Roberts, James A and Zalesky, Andrew and Zhao, Xuelong and Vanhatalo, Sampsa and Breakspear, Michael and Cocchi, Luca},
	journal={Nature communications},
	volume={10},
	number={1},
	pages={2619},
	year={2019},
	publisher={Nature Publishing Group UK London}
}

@article{arslan2018human,
	title={Human brain mapping: A systematic comparison of parcellation methods for the human cerebral cortex},
	author={Arslan, Salim and Ktena, Sofia Ira and Makropoulos, Antonios and Robinson, Emma C and Rueckert, Daniel and Parisot, Sarah},
	journal={Neuroimage},
	volume={170},
	pages={5--30},
	year={2018},
	publisher={Elsevier}
}

@article{oldham2020efficacy,
	title={The efficacy of different preprocessing steps in reducing motion-related confounds in diffusion MRI connectomics},
	author={Oldham, Stuart and Arnatkevic̆i{\=u}t{\.e}, Aurina and Smith, Robert E and Tiego, Jeggan and Bellgrove, Mark A and Fornito, Alex},
	journal={NeuroImage},
	volume={222},
	pages={117252},
	year={2020},
	publisher={Elsevier}
}

@article{fischl2012freesurfer,
	title={FreeSurfer},
	author={Fischl, Bruce},
	journal={Neuroimage},
	volume={62},
	number={2},
	pages={774--781},
	year={2012},
	publisher={Elsevier}
}

@article{henderson2022empirical,
	title={Empirical estimation of the eigenmodes of macroscale cortical dynamics: reconciling neural field eigenmodes and resting-state networks},
	author={Henderson, James A and Aquino, Kevin M and Robinson, PA},
	journal={Neuroimage: Reports},
	volume={2},
	number={3},
	pages={100103},
	year={2022},
	publisher={Elsevier}
}

@article{matsui2016transient,
	title={Transient neuronal coactivations embedded in globally propagating waves underlie resting-state functional connectivity},
	author={Matsui, Teppei and Murakami, Tomonari and Ohki, Kenichi},
	journal={Proceedings of the National Academy of Sciences},
	volume={113},
	number={23},
	pages={6556--6561},
	year={2016},
	publisher={National Acad Sciences}
}

@article{majeed2011spatiotemporal,
	title={Spatiotemporal dynamics of low frequency BOLD fluctuations in rats and humans},
	author={Majeed, Waqas and Magnuson, Matthew and Hasenkamp, Wendy and Schwarb, Hillary and Schumacher, Eric H and Barsalou, Lawrence and Keilholz, Shella D},
	journal={Neuroimage},
	volume={54},
	number={2},
	pages={1140--1150},
	year={2011},
	publisher={Elsevier}
}

@article{robinson2021determination,
	title={Determination of dynamic brain connectivity via spectral analysis},
	author={Robinson, Peter A and Henderson, James A and Gabay, Natasha C and Aquino, Kevin M and Babaie-Janvier, Tara and Gao, Xiao},
	journal={Frontiers in Human Neuroscience},
	volume={15},
	pages={655576},
	year={2021},
	publisher={Frontiers Media SA}
}

@article{coalson2018impact,
	title={The impact of traditional neuroimaging methods on the spatial localization of cortical areas},
	author={Coalson, Timothy S and Van Essen, David C and Glasser, Matthew F},
	journal={Proceedings of the National Academy of Sciences},
	volume={115},
	number={27},
	pages={E6356--E6365},
	year={2018},
	publisher={National Acad Sciences}
}

@article{yousefi2021propagating,
	title={Propagating patterns of intrinsic activity along macroscale gradients coordinate functional connections across the whole brain},
	author={Yousefi, Behnaz and Keilholz, Shella},
	journal={NeuroImage},
	volume={231},
	pages={117827},
	year={2021},
	publisher={Elsevier}
}

@article{hamid2021wave,
	title={Wave-like dopamine dynamics as a mechanism for spatiotemporal credit assignment},
	author={Hamid, Arif A and Frank, Michael J and Moore, Christopher I},
	journal={Cell},
	volume={184},
	number={10},
	pages={2733--2749},
	year={2021},
	publisher={Elsevier}
}

@article{gajwani2022can,
	title={Can hubs of the human connectome be identified consistently with diffusion MRI?},
	author={Gajwani, Mehul and Oldham, Stuart J and Pang, James C and Arnatkevi{\v{c}}i{\=u}t{\.e}, Aurina and Tiego, Jeggan and Bellgrove, Mark A and Fornito, Alex},
	journal={bioRxiv},
	pages={2022--12},
	year={2022},
	publisher={Cold Spring Harbor Laboratory}
}

@article{aquino2020identifying,
	title={Identifying and removing widespread signal deflections from fMRI data: Rethinking the global signal regression problem},
	author={Aquino, Kevin M and Fulcher, Ben D and Parkes, Linden and Sabaroedin, Kristina and Fornito, Alex},
	journal={Neuroimage},
	volume={212},
	pages={116614},
	year={2020},
	publisher={Elsevier}
}

@article{rosen2022estimation,
	title={An estimation of the absolute number of axons indicates that human cortical areas are sparsely connected},
	author={Rosen, Burke Q and Halgren, Eric},
	journal={PLoS Biology},
	volume={20},
	number={3},
	pages={e3001575},
	year={2022},
	publisher={Public Library of Science San Francisco, CA USA}
}

@article{pang2022evolutionary,
	title={Evolutionary shaping of human brain dynamics},
	author={Pang, James C and Rilling, James K and Roberts, James A and Van Den Heuvel, Martijn P and Cocchi, Luca},
	journal={Elife},
	volume={11},
	pages={e80627},
	year={2022},
	publisher={eLife Sciences Publications Limited}
}

@article{arnatkeviciute2021genetic,
	title={Genetic influences on hub connectivity of the human connectome},
	author={Arnatkeviciute, Aurina and Fulcher, Ben D and Oldham, Stuart and Tiego, Jeggan and Paquola, Casey and Gerring, Zachary and Aquino, Kevin and Hawi, Ziarih and Johnson, Beth and Ball, Gareth and others},
	journal={Nature communications},
	volume={12},
	number={1},
	pages={4237},
	year={2021},
	publisher={Nature Publishing Group UK London}
}

@article{van2012high,
	title={High-cost, high-capacity backbone for global brain communication},
	author={Van Den Heuvel, Martijn P and Kahn, Ren{\'e} S and Go{\~n}i, Joaqu{\'\i}n and Sporns, Olaf},
	journal={Proceedings of the National Academy of Sciences},
	volume={109},
	number={28},
	pages={11372--11377},
	year={2012},
	publisher={National Acad Sciences}
}

@article{rosen2022estimation,
	title={An estimation of the absolute number of axons indicates that human cortical areas are sparsely connected},
	author={Rosen, Burke Q and Halgren, Eric},
	journal={PLoS Biology},
	volume={20},
	number={3},
	pages={e3001575},
	year={2022},
	publisher={Public Library of Science San Francisco, CA USA}
}

@article{nozari2020brain,
	title={Is the brain macroscopically linear? A system identification of resting state dynamics},
	author={Nozari, Erfan and Bertolero, Maxwell A and Stiso, Jennifer and Caciagli, Lorenzo and Cornblath, Eli J and He, Xiaosong and Mahadevan, Arun S and Pappas, George J and Bassett, Dani Smith},
	journal={arXiv preprint arXiv:2012.12351},
	year={2020}
}

@article{pang2021stochastic,
	title={Stochastic synchronization of dynamics on the human connectome},
	author={Pang, James C and Gollo, Leonardo L and Roberts, James A},
	journal={NeuroImage},
	volume={229},
	pages={117738},
	year={2021},
	publisher={Elsevier}
}

@article{jones1999golgi,
	title={Golgi, Cajal and the neuron doctrine},
	author={Jones, Edward G},
	journal={Journal of the History of the Neurosciences},
	volume={8},
	number={2},
	pages={170--178},
	year={1999},
	publisher={Taylor \& Francis}
}

@article{tian2020topographic,
	title={Topographic organization of the human subcortex unveiled with functional connectivity gradients},
	author={Tian, Ye and Margulies, Daniel S and Breakspear, Michael and Zalesky, Andrew},
	journal={Nature neuroscience},
	volume={23},
	number={11},
	pages={1421--1432},
	year={2020},
	publisher={Nature Publishing Group US New York}
}

@article{gao2020neuronal,
	title={Neuronal timescales are functionally dynamic and shaped by cortical microarchitecture},
	author={Gao, Richard and van den Brink, Ruud L and Pfeffer, Thomas and Voytek, Bradley},
	journal={Elife},
	volume={9},
	pages={e61277},
	year={2020},
	publisher={eLife Sciences Publications, Ltd}
}

@article{murray2014hierarchy,
	title={A hierarchy of intrinsic timescales across primate cortex},
	author={Murray, John D and Bernacchia, Alberto and Freedman, David J and Romo, Ranulfo and Wallis, Jonathan D and Cai, Xinying and Padoa-Schioppa, Camillo and Pasternak, Tatiana and Seo, Hyojung and Lee, Daeyeol and others},
	journal={Nature neuroscience},
	volume={17},
	number={12},
	pages={1661--1663},
	year={2014},
	publisher={Nature Publishing Group US New York}
}

@article{hasson2008hierarchy,
	title={A hierarchy of temporal receptive windows in human cortex},
	author={Hasson, Uri and Yang, Eunice and Vallines, Ignacio and Heeger, David J and Rubin, Nava},
	journal={Journal of Neuroscience},
	volume={28},
	number={10},
	pages={2539--2550},
	year={2008},
	publisher={Soc Neuroscience}
}

@article{markov2014anatomy,
	title={Anatomy of hierarchy: feedforward and feedback pathways in macaque visual cortex},
	author={Markov, Nikola T and Vezoli, Julien and Chameau, Pascal and Falchier, Arnaud and Quilodran, Ren{\'e} and Huissoud, Cyril and Lamy, Camille and Misery, Pierre and Giroud, Pascale and Ullman, Shimon and others},
	journal={Journal of Comparative Neurology},
	volume={522},
	number={1},
	pages={225--259},
	year={2014},
	publisher={Wiley Online Library}
}

@article{goodale1992separate,
	title={Separate visual pathways for perception and action},
	author={Goodale, Melvyn A and Milner, A David},
	journal={Trends in neurosciences},
	volume={15},
	number={1},
	pages={20--25},
	year={1992},
	publisher={Elsevier}
}

@article{felleman1991distributed,
	title={Distributed hierarchical processing in the primate cerebral cortex.},
	author={Felleman, Daniel J and Van Essen, David C},
	journal={Cerebral cortex (New York, NY: 1991)},
	volume={1},
	number={1},
	pages={1--47},
	year={1991}
}

@article{honey2007network,
	title={Network structure of cerebral cortex shapes functional connectivity on multiple time scales},
	author={Honey, Christopher J and K{\"o}tter, Rolf and Breakspear, Michael and Sporns, Olaf},
	journal={Proceedings of the National Academy of Sciences},
	volume={104},
	number={24},
	pages={10240--10245},
	year={2007},
	publisher={National Acad Sciences}
}

@article{gabay2017cortical,
	title={Cortical geometry as a determinant of brain activity eigenmodes: Neural field analysis},
	author={Gabay, Natasha C and Robinson, PA},
	journal={Physical Review E},
	volume={96},
	number={3},
	pages={032413},
	year={2017},
	publisher={APS}
}

@article{roberts2017consistency,
	title={Consistency-based thresholding of the human connectome},
	author={Roberts, James A and Perry, Alistair and Roberts, Gloria and Mitchell, Philip B and Breakspear, Michael},
	journal={NeuroImage},
	volume={145},
	pages={118--129},
	year={2017},
	publisher={Elsevier}
}

@article{wang2016brain,
	title={Brain structure and dynamics across scales: in search of rules},
	author={Wang, Xiao-Jing and Kennedy, Henry},
	journal={Current opinion in neurobiology},
	volume={37},
	pages={92--98},
	year={2016},
	publisher={Elsevier}
}

@article{gabay2018dynamics,
	title={Dynamics of cortical activity eigenmodes including standing, traveling, and rotating waves},
	author={Gabay, Natasha C and Babaie-Janvier, Tahereh and Robinson, Peter A},
	journal={Physical Review E},
	volume={98},
	number={4},
	pages={042413},
	year={2018},
	publisher={APS}
}

@article{assadzadeh2018necessity,
	title={Necessity of the sleep--wake cycle for synaptic homeostasis: system-level analysis of plasticity in the corticothalamic system},
	author={Assadzadeh, S and Robinson, PA},
	journal={Royal Society Open Science},
	volume={5},
	number={10},
	pages={171952},
	year={2018},
	publisher={The Royal Society}
}

@article{abeysuriya2015physiologically,
	title={Physiologically based arousal state estimation and dynamics},
	author={Abeysuriya, RG and Rennie, CJ and Robinson, PA},
	journal={Journal of Neuroscience Methods},
	volume={253},
	pages={55--69},
	year={2015},
	publisher={Elsevier}
}

@article{mukta2020evoked,
	title={Evoked response activity eigenmode analysis in a convoluted cortex via neural field theory},
	author={Mukta, KN and Robinson, PA and Pag{\`e}s, JC and Gabay, NC and Gao, Xiao},
	journal={Physical Review E},
	volume={102},
	number={6},
	pages={062303},
	year={2020},
	publisher={APS}
}

@article{rennie2002unified,
	title={Unified neurophysical model of EEG spectra and evoked potentials},
	author={Rennie, Christopher J and Robinson, Peter A and Wright, James J},
	journal={Biological cybernetics},
	volume={86},
	number={6},
	pages={457--471},
	year={2002},
	publisher={Springer}
}

@article{pang2018neural,
	title={Neural mechanisms of the EEG alpha-BOLD anticorrelation},
	author={Pang, James C and Robinson, Peter A},
	journal={Neuroimage},
	volume={181},
	pages={461--470},
	year={2018},
	publisher={Elsevier}
}

@article{robinson2001prediction,
	title={Prediction of electroencephalographic spectra from neurophysiology},
	author={Robinson, Peter A and Rennie, Christopher J and Wright, James J and Bahramali, H and Gordon, Evian and Rowe, Donald L},
	journal={Physical Review E},
	volume={63},
	number={2},
	pages={021903},
	year={2001},
	publisher={APS}
}

@article{nunez1974brain,
	title={The brain wave equation: a model for the EEG},
	author={Nunez, Paul L},
	journal={Mathematical Biosciences},
	volume={21},
	number={3-4},
	pages={279--297},
	year={1974},
	publisher={Elsevier}
}

@article{robinson2019physical,
	title={Physical brain connectomics},
	author={Robinson, Peter A},
	journal={Physical Review E},
	volume={99},
	number={1},
	pages={012421},
	year={2019},
	publisher={APS}
}

@article{henderson2014relations,
	title={Relations between the geometry of cortical gyrification and white-matter network architecture},
	author={Henderson, James A and Robinson, Peter A},
	journal={Brain connectivity},
	volume={4},
	number={2},
	pages={112--130},
	year={2014},
	publisher={Mary Ann Liebert, Inc. 140 Huguenot Street, 3rd Floor New Rochelle, NY 10801 USA}
}

@book{braitenberg2013cortex,
	title={Cortex: statistics and geometry of neuronal connectivity},
	author={Braitenberg, Valentino and Sch{\"u}z, Almut},
	year={2013},
	publisher={Springer Science \& Business Media}
}

@article{sanz2018nftsim,
	title={NFTsim: theory and simulation of multiscale neural field dynamics},
	author={Sanz-Leon, Paula and Robinson, Peter A and Knock, Stuart A and Drysdale, Peter M and Abeysuriya, Romesh G and Fung, Felix K and Rennie, Chris J and Zhao, Xuelong},
	journal={PLoS computational biology},
	volume={14},
	number={8},
	pages={e1006387},
	year={2018},
	publisher={Public Library of Science San Francisco, CA USA}
}

@article{wright1995simulation,
	title={Simulation of electrocortical waves},
	author={Wright, James J and Liley, David TJ},
	journal={Biological cybernetics},
	volume={72},
	pages={347--356},
	year={1995},
	publisher={Springer}
}

@article{da1976models,
	title={Models of neuronal populations: the basic mechanisms of rhythmicity},
	author={Da Silva, FH Lopes and Van Rotterdam, A and Barts, P and Van Heusden, E and Burr, W},
	journal={Progress in brain research},
	volume={45},
	pages={281--308},
	year={1976},
	publisher={Elsevier}
}

@article{beurle1956properties,
	title={Properties of a mass of cells capable of regenerating pulses},
	author={Beurle, Raymond L},
	journal={Philosophical Transactions of the Royal Society of London. Series B, Biological Sciences},
	pages={55--94},
	year={1956},
	publisher={JSTOR}
}

@article{margulies2016situating,
	title={Situating the default-mode network along a principal gradient of macroscale cortical organization},
	author={Margulies, Daniel S and Ghosh, Satrajit S and Goulas, Alexandros and Falkiewicz, Marcel and Huntenburg, Julia M and Langs, Georg and Bezgin, Gleb and Eickhoff, Simon B and Castellanos, F Xavier and Petrides, Michael and others},
	journal={Proceedings of the National Academy of Sciences},
	volume={113},
	number={44},
	pages={12574--12579},
	year={2016},
	publisher={National Acad Sciences}
}

@article{belkin2003laplacian,
	title={Laplacian eigenmaps for dimensionality reduction and data representation},
	author={Belkin, Mikhail and Niyogi, Partha},
	journal={Neural computation},
	volume={15},
	number={6},
	pages={1373--1396},
	year={2003},
	publisher={MIT Press}
}

@article{oldehinkel2022mapping,
	title={Mapping dopaminergic projections in the human brain with resting-state fMRI},
	author={Oldehinkel, Marianne and Llera, Alberto and Faber, Myrthe and Huertas, Ismael and Buitelaar, Jan K and Bloem, Bastiaan R and Marquand, Andre F and Helmich, Rick C and Haak, Koen V and Beckmann, Christian F},
	journal={Elife},
	volume={11},
	pages={e71846},
	year={2022},
	publisher={eLife Sciences Publications Limited}
}

@article{yang2020thalamic,
	title={The thalamic functional gradient and its relationship to structural basis and cognitive relevance},
	author={Yang, Siqi and Meng, Yao and Li, Jiao and Li, Bing and Fan, Yun-Shuang and Chen, Huafu and Liao, Wei},
	journal={Neuroimage},
	volume={218},
	pages={116960},
	year={2020},
	publisher={Elsevier}
}

@article{vos2018anatomical,
	title={Anatomical and microstructural determinants of hippocampal subfield functional connectome embedding},
	author={Vos de Wael, Reinder and Larivi{\`e}re, Sara and Caldairou, Beno{\^\i}t and Hong, Seok-Jun and Margulies, Daniel S and Jefferies, Elizabeth and Bernasconi, Andrea and Smallwood, Jonathan and Bernasconi, Neda and Bernhardt, Boris C},
	journal={Proceedings of the National Academy of Sciences},
	volume={115},
	number={40},
	pages={10154--10159},
	year={2018},
	publisher={National Acad Sciences}
}

@article{haak2018connectopic,
	title={Connectopic mapping with resting-state fMRI},
	author={Haak, Koen V and Marquand, Andre F and Beckmann, Christian F},
	journal={Neuroimage},
	volume={170},
	pages={83--94},
	year={2018},
	publisher={Elsevier}
}

@article{uugurbil2013pushing,
	title={Pushing spatial and temporal resolution for functional and diffusion MRI in the Human Connectome Project},
	author={U{\u{g}}urbil, Kamil and Xu, Junqian and Auerbach, Edward J and Moeller, Steen and Vu, An T and Duarte-Carvajalino, Julio M and Lenglet, Christophe and Wu, Xiaoping and Schmitter, Sebastian and Van de Moortele, Pierre Francois and others},
	journal={Neuroimage},
	volume={80},
	pages={80--104},
	year={2013},
	publisher={Elsevier}
}

@article{wachinger2015brainprint,
	title={BrainPrint: A discriminative characterization of brain morphology},
	author={Wachinger, Christian and Golland, Polina and Kremen, William and Fischl, Bruce and Reuter, Martin and Alzheimer's Disease Neuroimaging Initiative and others},
	journal={NeuroImage},
	volume={109},
	pages={232--248},
	year={2015},
	publisher={Elsevier}
}

@article{alexander2018testing,
	title={On testing for spatial correspondence between maps of human brain structure and function},
	author={Alexander-Bloch, Aaron F and Shou, Haochang and Liu, Siyuan and Satterthwaite, Theodore D and Glahn, David C and Shinohara, Russell T and Vandekar, Simon N and Raznahan, Armin},
	journal={Neuroimage},
	volume={178},
	pages={540--551},
	year={2018},
	publisher={Elsevier}
}

@article{vavsa2018adolescent,
	title={Adolescent tuning of association cortex in human structural brain networks},
	author={V{\'a}{\v{s}}a, Franti{\v{s}}ek and Seidlitz, Jakob and Romero-Garcia, Rafael and Whitaker, Kirstie J and Rosenthal, Gideon and V{\'e}rtes, Petra E and Shinn, Maxwell and Alexander-Bloch, Aaron and Fonagy, Peter and Dolan, Raymond J and others},
	journal={Cerebral Cortex},
	volume={28},
	number={1},
	pages={281--294},
	year={2018},
	publisher={Oxford University Press}
}

@article{burt2018hierarchy,
	title={Hierarchy of transcriptomic specialization across human cortex captured by structural neuroimaging topography},
	author={Burt, Joshua B and Demirta{\c{s}}, Murat and Eckner, William J and Navejar, Natasha M and Ji, Jie Lisa and Martin, William J and Bernacchia, Alberto and Anticevic, Alan and Murray, John D},
	journal={Nature neuroscience},
	volume={21},
	number={9},
	pages={1251--1259},
	year={2018},
	publisher={Nature Publishing Group US New York}
}

@article{glasser2011mapping,
	title={Mapping human cortical areas in vivo based on myelin content as revealed by T1-and T2-weighted MRI},
	author={Glasser, Matthew F and Van Essen, David C},
	journal={Journal of neuroscience},
	volume={31},
	number={32},
	pages={11597--11616},
	year={2011},
	publisher={Soc Neuroscience}
}

@article{chaudhuri2015large,
	title={A large-scale circuit mechanism for hierarchical dynamical processing in the primate cortex},
	author={Chaudhuri, Rishidev and Knoblauch, Kenneth and Gariel, Marie-Alice and Kennedy, Henry and Wang, Xiao-Jing},
	journal={Neuron},
	volume={88},
	number={2},
	pages={419--431},
	year={2015},
	publisher={Elsevier}
}

@article{kashyap2019dynamic,
	title={Dynamic properties of simulated brain network models and empirical resting-state data},
	author={Kashyap, Amrit and Keilholz, Shella},
	journal={Network Neuroscience},
	volume={3},
	number={2},
	pages={405--426},
	year={2019},
	publisher={MIT Press One Rogers Street, Cambridge, MA 02142-1209, USA journals-info~…}
}

@article{cabral2017functional,
	title={Functional connectivity dynamically evolves on multiple time-scales over a static structural connectome: Models and mechanisms},
	author={Cabral, Joana and Kringelbach, Morten L and Deco, Gustavo},
	journal={NeuroImage},
	volume={160},
	pages={84--96},
	year={2017},
	publisher={Elsevier}
}

@article{bolt2022parsimonious,
	title={A parsimonious description of global functional brain organization in three spatiotemporal patterns},
	author={Bolt, Taylor and Nomi, Jason S and Bzdok, Danilo and Salas, Jorge A and Chang, Catie and Thomas Yeo, BT and Uddin, Lucina Q and Keilholz, Shella D},
	journal={Nature neuroscience},
	volume={25},
	number={8},
	pages={1093--1103},
	year={2022},
	publisher={Nature Publishing Group US New York}
}

@article{mitra2014lag,
	title={Lag structure in resting-state fMRI},
	author={Mitra, Anish and Snyder, Abraham Z and Hacker, Carl D and Raichle, Marcus E},
	journal={Journal of neurophysiology},
	volume={111},
	number={11},
	pages={2374--2391},
	year={2014},
	publisher={American Physiological Society Bethesda, MD}
}

@article{mitra2015lag,
	title={Lag threads organize the brain’s intrinsic activity},
	author={Mitra, Anish and Snyder, Abraham Z and Blazey, Tyler and Raichle, Marcus E},
	journal={Proceedings of the National Academy of Sciences},
	volume={112},
	number={17},
	pages={E2235--E2244},
	year={2015},
	publisher={National Acad Sciences}
}

@article{pang2019power,
	title={Power spectrum of resting-state blood-oxygen-level-dependent signal},
	author={Pang, JC and Robinson, PA},
	journal={Physical Review E},
	volume={100},
	number={2},
	pages={022418},
	year={2019},
	publisher={APS}
}

@article{glerean2012functional,
	title={Functional magnetic resonance imaging phase synchronization as a measure of dynamic functional connectivity},
	author={Glerean, Enrico and Salmi, Juha and Lahnakoski, Juha M and J{\"a}{\"a}skel{\"a}inen, Iiro P and Sams, Mikko},
	journal={Brain connectivity},
	volume={2},
	number={2},
	pages={91--101},
	year={2012},
	publisher={Mary Ann Liebert, Inc. 140 Huguenot Street, 3rd Floor New Rochelle, NY 10801 USA}
}

@article{deco2017dynamics,
	title={The dynamics of resting fluctuations in the brain: metastability and its dynamical cortical core},
	author={Deco, Gustavo and Kringelbach, Morten L and Jirsa, Viktor K and Ritter, Petra},
	journal={Scientific reports},
	volume={7},
	number={1},
	pages={3095},
	year={2017},
	publisher={Nature Publishing Group UK London}
}

@article{sanz2018nftsim,
	title={NFTsim: theory and simulation of multiscale neural field dynamics},
	author={Sanz-Leon, Paula and Robinson, Peter A and Knock, Stuart A and Drysdale, Peter M and Abeysuriya, Romesh G and Fung, Felix K and Rennie, Chris J and Zhao, Xuelong},
	journal={PLoS computational biology},
	volume={14},
	number={8},
	pages={e1006387},
	year={2018},
	publisher={Public Library of Science San Francisco, CA USA}
}

@article{heinzle2016hemodynamic,
	title={A hemodynamic model for layered BOLD signals},
	author={Heinzle, Jakob and Koopmans, Peter J and den Ouden, Hanneke EM and Raman, Sudhir and Stephan, Klaas Enno},
	journal={Neuroimage},
	volume={125},
	pages={556--570},
	year={2016},
	publisher={Elsevier}
}

@article{cabral2014exploring,
	title={Exploring the network dynamics underlying brain activity during rest},
	author={Cabral, Joana and Kringelbach, Morten L and Deco, Gustavo},
	journal={Progress in neurobiology},
	volume={114},
	pages={102--131},
	year={2014},
	publisher={Elsevier}
}

@article{deco2009key,
	title={Key role of coupling, delay, and noise in resting brain fluctuations},
	author={Deco, Gustavo and Jirsa, Viktor and McIntosh, Anthony R and Sporns, Olaf and K{\"o}tter, Rolf},
	journal={Proceedings of the National Academy of Sciences},
	volume={106},
	number={25},
	pages={10302--10307},
	year={2009},
	publisher={National Acad Sciences}
}

@article{demirtacs2019hierarchical,
	title={Hierarchical heterogeneity across human cortex shapes large-scale neural dynamics},
	author={Demirta{\c{s}}, Murat and Burt, Joshua B and Helmer, Markus and Ji, Jie Lisa and Adkinson, Brendan D and Glasser, Matthew F and Van Essen, David C and Sotiropoulos, Stamatios N and Anticevic, Alan and Murray, John D},
	journal={Neuron},
	volume={101},
	number={6},
	pages={1181--1194},
	year={2019},
	publisher={Elsevier}
}

@article{pang2018biophysically,
	title={Biophysically based method to deconvolve spatiotemporal neurovascular signals from fMRI data},
	author={Pang, JC and Aquino, KM and Robinson, Peter Alexander and Lacy, TC and Schira, Mark M},
	journal={Journal of Neuroscience Methods},
	volume={308},
	pages={6--20},
	year={2018},
	publisher={Elsevier}
}

@article{pang2017effects,
	title={Effects of astrocytic dynamics on spatiotemporal hemodynamics: Modeling and enhanced data analysis},
	author={Pang, James C and Robinson, Peter A and Aquino, Kevin M and Vasan, N},
	journal={Neuroimage},
	volume={147},
	pages={994--1005},
	year={2017},
	publisher={Elsevier}
}

@article{aquino2012hemodynamic,
	title={Hemodynamic traveling waves in human visual cortex},
	author={Aquino, Kevin M and Schira, Mark M and Robinson, Peter A and Drysdale, Peter M and Breakspear, Michael},
	journal={PLoS computational biology},
	volume={8},
	number={3},
	pages={e1002435},
	year={2012},
	publisher={Public Library of Science San Francisco, USA}
}

@article{stephan2007comparing,
	title={Comparing hemodynamic models with DCM},
	author={Stephan, Klaas Enno and Weiskopf, Nikolaus and Drysdale, Peter M and Robinson, Peter A and Friston, Karl J},
	journal={Neuroimage},
	volume={38},
	number={3},
	pages={387--401},
	year={2007},
	publisher={Elsevier}
}

@article{spiegler2013systematic,
	title={Systematic approximations of neural fields through networks of neural masses in the virtual brain},
	author={Spiegler, Andreas and Jirsa, V},
	journal={Neuroimage},
	volume={83},
	pages={704--725},
	year={2013},
	publisher={Elsevier}
}

@article{deco2008dynamic,
	title={The dynamic brain: from spiking neurons to neural masses and cortical fields},
	author={Deco, Gustavo and Jirsa, Viktor K and Robinson, Peter A and Breakspear, Michael and Friston, Karl},
	journal={PLoS computational biology},
	volume={4},
	number={8},
	pages={e1000092},
	year={2008},
	publisher={Public Library of Science San Francisco, USA}
}

@article{behrens2003characterization,
	title={Characterization and propagation of uncertainty in diffusion-weighted MR imaging},
	author={Behrens, Timothy EJ and Woolrich, Mark W and Jenkinson, Mark and Johansen-Berg, Heidi and Nunes, Rita G and Clare, Stuart and Matthews, Paul M and Brady, J Michael and Smith, Stephen M},
	journal={Magnetic Resonance in Medicine: An Official Journal of the International Society for Magnetic Resonance in Medicine},
	volume={50},
	number={5},
	pages={1077--1088},
	year={2003},
	publisher={Wiley Online Library}
}

@article{aquino2022intersection,
	title={On the intersection between data quality and dynamical modelling of large-scale fMRI signals},
	author={Aquino, Kevin M and Fulcher, Ben and Oldham, Stuart and Parkes, Linden and Gollo, Leonardo and Deco, Gustavo and Fornito, Alex},
	journal={NeuroImage},
	volume={256},
	pages={119051},
	year={2022},
	publisher={Elsevier}
}

@article{demirtacs2019hierarchical,
	title={Hierarchical heterogeneity across human cortex shapes large-scale neural dynamics},
	author={Demirta{\c{s}}, Murat and Burt, Joshua B and Helmer, Markus and Ji, Jie Lisa and Adkinson, Brendan D and Glasser, Matthew F and Van Essen, David C and Sotiropoulos, Stamatios N and Anticevic, Alan and Murray, John D},
	journal={Neuron},
	volume={101},
	number={6},
	pages={1181--1194},
	year={2019},
	publisher={Elsevier}
}

@article{deco2021dynamical,
	title={Dynamical consequences of regional heterogeneity in the brain’s transcriptional landscape},
	author={Deco, Gustavo and Kringelbach, Morten L and Arnatkeviciute, Aurina and Oldham, Stuart and Sabaroedin, Kristina and Rogasch, Nigel C and Aquino, Kevin M and Fornito, Alex},
	journal={Science Advances},
	volume={7},
	number={29},
	pages={eabf4752},
	year={2021},
	publisher={American Association for the Advancement of Science}
}

@article{deco2014local,
	title={How local excitation--inhibition ratio impacts the whole brain dynamics},
	author={Deco, Gustavo and Ponce-Alvarez, Adri{\'a}n and Hagmann, Patric and Romani, Gian Luca and Mantini, Dante and Corbetta, Maurizio},
	journal={Journal of Neuroscience},
	volume={34},
	number={23},
	pages={7886--7898},
	year={2014},
	publisher={Soc Neuroscience}
}

@article{wilson1972excitatory,
	title={Excitatory and inhibitory interactions in localized populations of model neurons},
	author={Wilson, Hugh R and Cowan, Jack D},
	journal={Biophysical journal},
	volume={12},
	number={1},
	pages={1--24},
	year={1972},
	publisher={Elsevier}
}

@article{breakspear2010generative,
	title={Generative models of cortical oscillations: neurobiological implications of the Kuramoto model},
	author={Breakspear, Michael and Heitmann, Stewart and Daffertshofer, Andreas},
	journal={Frontiers in human neuroscience},
	volume={4},
	pages={190},
	year={2010},
	publisher={Frontiers Research Foundation}
}

@article{sanz2013virtual,
	title={The Virtual Brain: a simulator of primate brain network dynamics},
	author={Sanz Leon, Paula and Knock, Stuart A and Woodman, M Marmaduke and Domide, Lia and Mersmann, Jochen and McIntosh, Anthony R and Jirsa, Viktor},
	journal={Frontiers in neuroinformatics},
	volume={7},
	pages={10},
	year={2013},
	publisher={Frontiers Media SA}
}

@article{robinson2005multiscale,
	title={Multiscale brain modelling},
	author={Robinson, Peter A and Rennie, CJ and Rowe, Donald L and O'Connor, SC and Gordon, and E},
	journal={Philosophical Transactions of the Royal Society B: Biological Sciences},
	volume={360},
	number={1457},
	pages={1043--1050},
	year={2005},
	publisher={The Royal Society London}
}

@article{robinson2012interrelating,
	title={Interrelating anatomical, effective, and functional brain connectivity using propagators and neural field theory},
	author={Robinson, Peter A},
	journal={Physical Review E},
	volume={85},
	number={1},
	pages={011912},
	year={2012},
	publisher={APS}
}

@article{robinson1997propagation,
	title={Propagation and stability of waves of electrical activity in the cerebral cortex},
	author={Robinson, Peter A and Rennie, Christopher J and Wright, James J},
	journal={Physical Review E},
	volume={56},
	number={1},
	pages={826},
	year={1997},
	publisher={APS}
}

@article{jirsa1996field,
	title={Field theory of electromagnetic brain activity},
	author={Jirsa, Viktor K and Haken, Hermann},
	journal={Physical review letters},
	volume={77},
	number={5},
	pages={960},
	year={1996},
	publisher={APS}
}

@article{gorgolewski2015neurovault,
	title={NeuroVault. org: a web-based repository for collecting and sharing unthresholded statistical maps of the human brain},
	author={Gorgolewski, Krzysztof J and Varoquaux, Gael and Rivera, Gabriel and Schwarz, Yannick and Ghosh, Satrajit S and Maumet, Camille and Sochat, Vanessa V and Nichols, Thomas E and Poldrack, Russell A and Poline, Jean-Baptiste and others},
	journal={Frontiers in neuroinformatics},
	volume={9},
	pages={8},
	year={2015},
	publisher={Frontiers Media SA}
}

@article{theodoni2022structural,
	title={Structural attributes and principles of the neocortical connectome in the marmoset monkey},
	author={Theodoni, Panagiota and Majka, Piotr and Reser, David H and W{\'o}jcik, Daniel K and Rosa, Marcello GP and Wang, Xiao-Jing},
	journal={Cerebral Cortex},
	volume={32},
	number={1},
	pages={15--28},
	year={2022},
	publisher={Oxford University Press}
}

@inproceedings{levy2006laplace,
	title={Laplace-beltrami eigenfunctions towards an algorithm that" understands" geometry},
	author={L{\'e}vy, Bruno},
	booktitle={IEEE International Conference on Shape Modeling and Applications 2006 (SMI'06)},
	pages={13--13},
	year={2006},
	organization={IEEE}
}

@article{tournier2019mrtrix3,
	title={MRtrix3: A fast, flexible and open software framework for medical image processing and visualisation},
	author={Tournier, J-Donald and Smith, Robert and Raffelt, David and Tabbara, Rami and Dhollander, Thijs and Pietsch, Maximilian and Christiaens, Daan and Jeurissen, Ben and Yeh, Chun-Hung and Connelly, Alan},
	journal={Neuroimage},
	volume={202},
	pages={116137},
	year={2019},
	publisher={Elsevier}
}

@article{rue2021connectome,
	title={The connectome spectrum as a canonical basis for a sparse representation of fast brain activity},
	author={Ru{\'e}-Queralt, Joan and Glomb, Katharina and Pascucci, David and Tourbier, Sebastien and Carboni, Margherita and Vulli{\'e}moz, Serge and Plomp, Gijs and Hagmann, Patric},
	journal={NeuroImage},
	volume={244},
	pages={118611},
	year={2021},
	publisher={Elsevier}
}

@article{preti2019decoupling,
	title={Decoupling of brain function from structure reveals regional behavioral specialization in humans},
	author={Preti, Maria Giulia and Van De Ville, Dimitri},
	journal={Nature communications},
	volume={10},
	number={1},
	pages={4747},
	year={2019},
	publisher={Nature Publishing Group UK London}
}

@article{atasoy2016human,
	title={Human brain networks function in connectome-specific harmonic waves},
	author={Atasoy, Selen and Donnelly, Isaac and Pearson, Joel},
	journal={Nature communications},
	volume={7},
	number={1},
	pages={10340},
	year={2016},
	publisher={Nature Publishing Group UK London}
}

@article{glasser2016multi,
	title={A multi-modal parcellation of human cerebral cortex},
	author={Glasser, Matthew F and Coalson, Timothy S and Robinson, Emma C and Hacker, Carl D and Harwell, John and Yacoub, Essa and Ugurbil, Kamil and Andersson, Jesper and Beckmann, Christian F and Jenkinson, Mark and others},
	journal={Nature},
	volume={536},
	number={7615},
	pages={171--178},
	year={2016},
	publisher={Nature Publishing Group UK London}
}

@article{eickhoff2018imaging,
	title={Imaging-based parcellations of the human brain},
	author={Eickhoff, Simon B and Yeo, BT Thomas and Genon, Sarah},
	journal={Nature Reviews Neuroscience},
	volume={19},
	number={11},
	pages={672--686},
	year={2018},
	publisher={Nature Publishing Group UK London}
}

@book{courant2008methods,
	title={Methods of mathematical physics: partial differential equations},
	author={Courant, Richard and Hilbert, David},
	year={2008},
	publisher={John Wiley \& Sons}
}

@article{robinson2021determination,
	title={Determination of dynamic brain connectivity via spectral analysis},
	author={Robinson, Peter A and Henderson, James A and Gabay, Natasha C and Aquino, Kevin M and Babaie-Janvier, Tara and Gao, Xiao},
	journal={Frontiers in Human Neuroscience},
	volume={15},
	pages={655576},
	year={2021},
	publisher={Frontiers Media SA}
}

@article{shuman2013emerging,
	title={The emerging field of signal processing on graphs: Extending high-dimensional data analysis to networks and other irregular domains},
	author={Shuman, David I and Narang, Sunil K and Frossard, Pascal and Ortega, Antonio and Vandergheynst, Pierre},
	journal={IEEE signal processing magazine},
	volume={30},
	number={3},
	pages={83--98},
	year={2013},
	publisher={IEEE}
}

@article{fischl1999high,
	title={High-resolution intersubject averaging and a coordinate system for the cortical surface},
	author={Fischl, Bruce and Sereno, Martin I and Tootell, Roger BH and Dale, Anders M},
	journal={Human brain mapping},
	volume={8},
	number={4},
	pages={272--284},
	year={1999},
	publisher={Wiley Online Library}
}

@article{reuter2006laplace,
	title={Laplace--Beltrami spectra as ‘Shape-DNA’of surfaces and solids},
	author={Reuter, Martin and Wolter, Franz-Erich and Peinecke, Niklas},
	journal={Computer-Aided Design},
	volume={38},
	number={4},
	pages={342--366},
	year={2006},
	publisher={Elsevier}
}

@article{goscinski2014multi,
	title={The multi-modal Australian ScienceS Imaging and Visualization Environment (MASSIVE) high performance computing infrastructure: applications in neuroscience and neuroinformatics research},
	author={Goscinski, Wojtek J and McIntosh, Paul and Felzmann, Ulrich and Maksimenko, Anton and Hall, Christopher J and Gureyev, Timur and Thompson, Darren and Janke, Andrew and Galloway, Graham and Killeen, Neil EB and others},
	journal={Frontiers in Neuroinformatics},
	volume={8},
	pages={30},
	year={2014},
	publisher={Frontiers Media SA}
}

@inproceedings{seo2011laplace,
	title={Laplace-Beltrami eigenfunction expansion of cortical manifolds},
	author={Seo, Seongho and Chung, Moo K},
	booktitle={2011 IEEE International Symposium on Biomedical Imaging: From Nano to Macro},
	pages={372--375},
	year={2011},
	organization={IEEE}
}

@book{chavel1984eigenvalues,
	title={Eigenvalues in Riemannian geometry},
	author={Chavel, Isaac},
	year={1984},
	publisher={Academic press}
}

@article{wachinger2015brainprint,
	title={BrainPrint: A discriminative characterization of brain morphology},
	author={Wachinger, Christian and Golland, Polina and Kremen, William and Fischl, Bruce and Reuter, Martin and Alzheimer's Disease Neuroimaging Initiative and others},
	journal={NeuroImage},
	volume={109},
	pages={232--248},
	year={2015},
	publisher={Elsevier}
}

@book{melrose1991electromagnetic,
	title={Electromagnetic processes in dispersive media},
	author={Melrose, David Blair and McPhedran, Ross C},
	year={1991}
}

@article{nowack1995neocortical,
	title={Neocortical dynamics and human EEG rhythms},
	author={Nowack, William J},
	journal={Neurology},
	volume={45},
	number={9},
	pages={1793--1793},
	year={1995},
	publisher={AAN Enterprises}
}

@article{naze2021robustness,
	title={Robustness of connectome harmonics to local gray matter and long-range white matter connectivity changes},
	author={Naze, S{\'e}bastien and Proix, Timoth{\'e}e and Atasoy, Selen and Kozloski, James R},
	journal={Neuroimage},
	volume={224},
	pages={117364},
	year={2021},
	publisher={Elsevier}
}

@article{chen2022individuality,
	title={The individuality of shape asymmetries of the human cerebral cortex},
	author={Chen, Yu-Chi and Arnatkevi{\v{c}}i{\=u}t{\.e}, Aurina and McTavish, Eugene and Pang, James C and Chopra, Sidhant and Suo, Chao and Fornito, Alex and Aquino, Kevin M},
	journal={Elife},
	volume={11},
	pages={e75056},
	year={2022},
	publisher={eLife Sciences Publications Limited}
}

@article{henderson2022empirical,
	title={Empirical estimation of the eigenmodes of macroscale cortical dynamics: Reconciling neural field eigenmodes and resting-state networks},
	author={Henderson, James A and Aquino, Kevin M and Robinson, PA},
	journal={Neuroimage: Reports},
	volume={2},
	number={3},
	pages={100103},
	year={2022},
	publisher={Elsevier}
}

@article{tian2021high,
	title={High-resolution connectomic fingerprints: Mapping neural identity and behavior},
	author={Tian, Ye and Yeo, BT Thomas and Cropley, Vanessa and Zalesky, Andrew and others},
	journal={NeuroImage},
	volume={229},
	pages={117695},
	year={2021},
	publisher={Elsevier}
}

@article{salimi2014automatic,
	title={Automatic denoising of functional MRI data: combining independent component analysis and hierarchical fusion of classifiers},
	author={Salimi-Khorshidi, Gholamreza and Douaud, Gwena{\"e}lle and Beckmann, Christian F and Glasser, Matthew F and Griffanti, Ludovica and Smith, Stephen M},
	journal={Neuroimage},
	volume={90},
	pages={449--468},
	year={2014},
	publisher={Elsevier}
}

@article{glasser2013minimal,
	title={The minimal preprocessing pipelines for the Human Connectome Project},
	author={Glasser, Matthew F and Sotiropoulos, Stamatios N and Wilson, J Anthony and Coalson, Timothy S and Fischl, Bruce and Andersson, Jesper L and Xu, Junqian and Jbabdi, Saad and Webster, Matthew and Polimeni, Jonathan R and others},
	journal={Neuroimage},
	volume={80},
	pages={105--124},
	year={2013},
	publisher={Elsevier}
}

@article{van2013wu,
	title={The WU-Minn human connectome project: an overview},
	author={Van Essen, David C and Smith, Stephen M and Barch, Deanna M and Behrens, Timothy EJ and Yacoub, Essa and Ugurbil, Kamil and Wu-Minn HCP Consortium and others},
	journal={Neuroimage},
	volume={80},
	pages={62--79},
	year={2013},
	publisher={Elsevier}
}

@article{robinson2018multimodal,
	title={Multimodal surface matching with higher-order smoothness constraints},
	author={Robinson, Emma C and Garcia, Kara and Glasser, Matthew F and Chen, Zhengdao and Coalson, Timothy S and Makropoulos, Antonios and Bozek, Jelena and Wright, Robert and Schuh, Andreas and Webster, Matthew and others},
	journal={Neuroimage},
	volume={167},
	pages={453--465},
	year={2018},
	publisher={Elsevier}
}

@article{woolrich2004multilevel,
	title={Multilevel linear modelling for FMRI group analysis using Bayesian inference},
	author={Woolrich, Mark W and Behrens, Timothy EJ and Beckmann, Christian F and Jenkinson, Mark and Smith, Stephen M},
	journal={Neuroimage},
	volume={21},
	number={4},
	pages={1732--1747},
	year={2004},
	publisher={Elsevier}
}

@article{barch2013function,
	title={Function in the human connectome: task-fMRI and individual differences in behavior},
	author={Barch, Deanna M and Burgess, Gregory C and Harms, Michael P and Petersen, Steven E and Schlaggar, Bradley L and Corbetta, Maurizio and Glasser, Matthew F and Curtiss, Sandra and Dixit, Sachin and Feldt, Cindy and others},
	journal={Neuroimage},
	volume={80},
	pages={169--189},
	year={2013},
	publisher={Elsevier}
}

@article{robinson2016eigenmodes,
	title={Eigenmodes of brain activity: Neural field theory predictions and comparison with experiment},
	author={Robinson, Peter A and Zhao, X and Aquino, Kevin M and Griffiths, JD and Sarkar, Somwrita and Mehta-Pandejee, Grishma},
	journal={NeuroImage},
	volume={142},
	pages={79--98},
	year={2016},
	publisher={Elsevier}
}




@article{bib1,
  author		= "Campbell, S. L. and Gear, C. W.",
  title			= "The index of general nonlinear {D}{A}{E}{S}",
  journal		= "Numer. {M}ath.",
  volume		= "72",
  number		= "2",
  pages			= "173--196",
  year			= "1995"
}

%% Journal article with DOI
@article{bib2,
  author		= "Slifka, M. K. and Whitton, J. L.",
  title			= "Clinical implications of dysregulated cytokine production",
  journal		= "J. {M}ol. {M}ed.",
  volume		= "78",
  pages			= "74--80",
  year			= "2000",
  doi			= "10.1007/s001090000086"
}

%% Journal article
@article{bib3,
  author		= "Hamburger, C.",
  title			= "Quasimonotonicity, regularity and duality for nonlinear systems of 
					partial differential equations",
  journal		= "Ann. Mat. Pura. Appl.",
  volume		= "169",
  number		= "2",
  pages			= "321--354",
  year			= "1995"
}

%% book, authored
@book{bib4,
  author		= "Geddes, K. O. and Czapor, S. R. and Labahn, G.",
  title			= "Algorithms for {C}omputer {A}lgebra",
  address		= "Boston",
  publisher		= "Kluwer",
  year			= "1992"
}

%% Item 8. Book, chapter
@incollection{bib5,
  author		= "Broy, M.",
  title			= "Software engineering---from auxiliary to key technologies",
  editor		= "Broy, M. and Denert, E.",
  booktitle		= "Software Pioneers",
  pages			= "10--13",
  address		= "New {Y}ork",
  publisher		= "Springer",
  year			= "1992"
}

%% Book, edited
@book{bib6,
  editor		= "Seymour, R. S.",
  title			= "Conductive {P}olymers",
  address		= "New {Y}ork",
  publisher		= "Plenum",
  year			= "1981"
}

%% Chapter in a book in a series with volume titles
@inproceedings{bib7,
  author		= "Smith, S. E.",
  title			= "Neuromuscular blocking drugs in man",
  editor		= "Zaimis, E.",
  volume		= "42",
  booktitle		= "Neuromuscular junction. {H}andbook of experimental pharmacology",
  pages			= "593--660",
  address		= "Heidelberg",
  publisher		= "Springer",
  year			= "1976"
}

%% Paper presented at a conference
@misc{bib8,
  author		= "Chung, S. T. and Morris, R. L.",
  title			= "Isolation and characterization of plasmid deoxyribonucleic acid from 
					Streptomyces fradiae",
  year			= "1978",
  note			= "Paper presented at the 3rd international symposium on the genetics 
					of industrial microorganisms, University of {W}isconsin, {M}adison, 
					4--9 June 1978"
}

%% Data citation example
@misc{bib9,
  author		= "Hao, Z. and AghaKouchak, A. and Nakhjiri, N. and Farahmand, A.",
  title			= "Global integrated drought monitoring and prediction system (GIDMaPS) data sets", 
  year			= "2014",
  note			= "figshare \url{https://doi.org/10.6084/m9.figshare.853801}"
}

%% Preprint citation example
@misc{bib10, 
  author		= "Babichev, S. A. and Ries, J. and Lvovsky, A. I.",
  title			= "Quantum scissors: teleportation of single-mode optical states by means 
					of a nonlocal single photon", 
  year			= "2002",
  note			= "Preprint at \url{https://arxiv.org/abs/quant-ph/0208066v1}"
}

@article{bib11,
  author		= "Beneke, M. and Buchalla, G. and Dunietz, I.",
  title			= "Mixing induced {CP} asymmetries in inclusive {B} decays",
  journal		= "Phys. {L}ett.",
  volume		= "B393",
  year			= "1997",
  pages			= "132-142",
  archivePrefix		= "arXiv",
  eprint		= "0707.3168",
  primaryClass		= "gr-gc"
}

@softmisc{bib12,
  author		= "Stahl, B.",
  title			= "deep{SIP}: deep learning of {S}upernova {I}a {P}arameters",
  version		= "0.42",
  keywords		= "Software",
  howpublished		= "Astrophysics {S}ource {C}ode {L}ibrary",
  year			= "2020",
  month			= "Jun",
  eid			= "ascl:2006.023",
  pages			= "ascl:2006.023",
  archivePrefix		= "ascl",
  eprint		= "2006.023",
  adsurl		= "{https://ui.adsabs.harvard.edu/abs/2020ascl.soft06023S}",
  adsnote		= "Provided by the SAO/NASA Astrophysics Data System"
}

@article{bib13,
  author = "Abbott, T. M. C. and others",
  collaboration = "DES",
  title = "{Dark Energy Survey Year 1 Results: Constraints on Extended Cosmological Models from Galaxy Clustering and Weak Lensing}",
  eprint = "1810.02499",
  archivePrefix = "arXiv",
  primaryClass = "astro-ph.CO",
  reportNumber = "FERMILAB-PUB-18-507-PPD",
  doi = "10.1103/PhysRevD.99.123505",
  journal = "Phys. Rev. D",
  volume = "99",
  number = "12",
  pages = "123505",
  year = "2019"
}

%%============================================================================%%
%% while using chicago reference style, both abbreviated and expanded form of %%
%% author name format is acceptable. Refer below example for expanded form    %%
%%============================================================================%%

%%  author		= "{Cameron, Deborah}", - single author
%%  author		= "{Saito, Yukio} and {Hyuga, Hiroyuki}", - double author 

%%======================================%%
%% Example for author names with suffix %%
%%======================================%%

%%  author		= "{Price, R. A. Jr} and {Curry, N. {III}} and McCann, K. E. and 
%%					Fielding, J. L. and {Abercrombie, E. Jr}",
